<?xml version="1.0" encoding="UTF-8"?><record xmlns="http://www.loc.gov/MARC21/slim" xmlns:cinclude="http://apache.org/cocoon/include/1.0" xmlns:zs="http://www.loc.gov/zing/srw/">
  <leader>02376nz  a2200241n  4500</leader>
  <controlfield tag="001">no2014164060</controlfield>
  <controlfield tag="003">DLC</controlfield>
  <controlfield tag="005">20141212073606.0</controlfield>
  <controlfield tag="008">141211n| azannaabn          |n aaa     c</controlfield>
  <datafield tag="010" ind1=" " ind2=" ">
    <subfield code="a">no2014164060</subfield>
  </datafield>
  <datafield tag="035" ind1=" " ind2=" ">
    <subfield code="a">(OCoLC)oca10038557</subfield>
  </datafield>
  <datafield tag="040" ind1=" " ind2=" ">
    <subfield code="a">ScU</subfield>
    <subfield code="b">eng</subfield>
    <subfield code="e">rda</subfield>
    <subfield code="c">ScU</subfield>
  </datafield>
  <datafield tag="100" ind1="1" ind2=" ">
    <subfield code="a">Markley, Jordan</subfield>
  </datafield>
  <datafield tag="372" ind1=" " ind2=" ">
    <subfield code="a">English literature</subfield>
    <subfield code="a">American literature</subfield>
    <subfield code="2">lcsh</subfield>
  </datafield>
  <datafield tag="373" ind1=" " ind2=" ">
    <subfield code="a">University of South Carolina</subfield>
    <subfield code="2">naf</subfield>
  </datafield>
  <datafield tag="373" ind1=" " ind2=" ">
    <subfield code="a">Carnegie-Mellon University</subfield>
    <subfield code="2">naf</subfield>
  </datafield>
  <datafield tag="373" ind1=" " ind2=" ">
    <subfield code="a">Anglican Diocese of Pittsburgh</subfield>
  </datafield>
  <datafield tag="373" ind1=" " ind2=" ">
    <subfield code="a">Grove City College</subfield>
    <subfield code="2">naf</subfield>
  </datafield>
  <datafield tag="374" ind1=" " ind2=" ">
    <subfield code="a">Development associate</subfield>
    <subfield code="a">Web writer</subfield>
    <subfield code="a">Director of communications</subfield>
  </datafield>
  <datafield tag="375" ind1=" " ind2=" ">
    <subfield code="a">male</subfield>
  </datafield>
  <datafield tag="377" ind1=" " ind2=" ">
    <subfield code="a">eng</subfield>
  </datafield>
  <datafield tag="670" ind1=" " ind2=" ">
    <subfield code="a">Walker Percy, Heidegger, and Reentry,  2014:</subfield>
    <subfield code="b">t.p. (Jordan Markley ; Masters of Arts in English, College of Arts and Sciences, University of South Carolina ; Bachelor of Arts, Grove City College, 2012)</subfield>
  </datafield>
  <datafield tag="670" ind1=" " ind2=" ">
    <subfield code="a">Linkedin, Nov. 6, 2014</subfield>
    <subfield code="b">(Jordan Markley, Development Associate- Carnegie Mellon University, Greater Pittsburgh Area, Higher Education ; Development Associate, Carnegie Mellon University, October 2014 - Present (2 months), Greater Pittsburgh Area ; Web Writer, Carnegie Mellon University, July 2014 - October 2014 (4 months), Greater Pittsburgh Area ; Director of Communications, Anglican Diocese of Pittsburgh, May 2014 - October 2014 (6 months), May 2014 - October 2014 (6 months) ; Graduate Instructional Assistant for USC English Department, University of South Carolina, August 2012 - June 2014 (1 year 11 months), Columbia, SC ; Marketing Intern, Walter P. Rawl &amp; Sons, Inc., May 2013 - August 2013 (4 months), Pelion, SC ; Editorial Intern, Pittsburgh Business Times, May 2012 - August 2012 (4 months), Greater Pittsburgh Area ; Editorial Intern, Nashville Business Journal, May 2011 - August 2011 (4 months), Nashville, TN ; Lacrosse Coach, Nashville Groove, May 2011 - August 2011 (4 months), Nashville, TN ; Farm Hand, Powell Farm, April 2004 - August 2010 (6 years 5 months), Skaneateles NY ; Lacrosse Coach, Seneca Valley Youth Lacrosse Association, January 2009 - June 2009 (6 months), Cranberry, PA ; Education: University of South Carolina-Columbia, Master of Arts (M.A.), English Language and Literature/Letters, 2012 - 2014 ; Grove City College, Bachelor of Arts (B.A.), English Language and Literature/Letters, 2008 - 2012)</subfield>
    <subfield code="u">http://www.linkedin.com/pub/jordan-markley/34/302/670</subfield>
  </datafield>
</record>